
@article{TACTIC,
author = {A.M.~ Laird et al.},
title = { },
journal = {Nuclear Instruments and Methods in Physics Research},
volume = {\textbf{A573}},
year = {(2007)},
number = { },
pages = {306},
}

 @article{MAYA,
  author={C. E.  {Demonchy}  et al},
  title={ },
  journal={Nuclear Instruments and Methods in Physics Research},
  year=2007,
  volume={\textbf{A573}},
  pages={145-148},
}

@article{AT-TPC,
  author={D. {Suzuki} et al.},
  title={ },
  journal={Nuclear Instruments and Methods in Physics Research},
  year=2012 ,
  volume={\textbf{A 691}},
  pages={39-54},
}

@article{ACTAR,
  title = { },
  author = {C.F. {Ginyer} et al.},
  journal = {SPIRAL 2 Week},
  volume = {},
  issue = {},
  pages = {},
  year = {2011},
}

@article {ANASEN,
  author={E. {Koshchiy} et al.},
  title={},
  journal={Nuclear Instruments and Methods in Physics Research},
  year={2017},
  volume={\textbf{A 870}},
  pages={1 - 11},
  issn = {0168-9002},
doi = {https://doi.org/10.1016/j.nima.2017.07.030},
url = {http://www.sciencedirect.com/science/article/pii/S0168900217307726},
}

@article {AstroBox2,
  author={I.C.{ Stefanescu} et al },
  title={},
  journal={J. Phys.: Conf. Ser. 1024 012007},
  year={2018},
  volume={\textbf{1024}},
  pages={012007},
doi :{10.1088/1742-6596/1024/1/012007},
}

@article{Goldberg,
  author={V. Z. {Goldberg} and A. E. {Pakhomov}},
  title={},
  journal={Yad.Fiz.(Rus.)},
  year={1993},
  volume={\textbf{56}},
  pages={9},
}
	
 @article {OptTPC,
  author={K. {Miernik} et al.},
  title={},
  journal={Nuclear Instruments and Methods in Physics Research},
  year={2007},
  volume={\textbf{A 581}},
  pages={194–197},
}
	
 @article {TPC_Review,
  author={ D. ~{Gonz\'{a}lez-D\'{i}az} et al.},
  title={},
  journal={Nuclear Instruments and Methods in Physics Research},
  year={2018},
  volume={\textbf{A 878}},
  pages={200-255},
}

@Article{Ayyad2018,
author={Y.~{Ayyad} et al},
title={},
journal={The European Physical Journal A},
year={2018},
volume={\textbf{54}},
number={10},
pages={181},
issn={1434-601X},
doi={10.1140/epja/i2018-12557-7},
url={https://doi.org/10.1140/epja/i2018-12557-7},
}

@article{GIOMATARIS2006,
title = {},
journal = {Nuclear Instruments and Methods in Physics Research Section A: Accelerators, Spectrometers, Detectors and Associated Equipment},
volume = {560},
number = {2},
pages = {405 - 408},
year = {2006},
doi = {https://doi.org/10.1016/j.nima.2005.12.222},
url = {http://www.sciencedirect.com/science/article/pii/S0168900205026501},
author = {I. Giomataris at al},
}
	
 @article {Micromegas_1,
  author={Y. {Giomataris} et al.},
  title={},
  journal={Nuclear Instruments and Methods in Physics Research. },
  year={1996},
  volume={ \textbf{A 376}},
  pages={29},	
}
	
 @article {Geant4,
  author={S. {Agostinelli} et al.	},
  title    = {GEANT4: A Simulation toolkit},
  collaboration  = {GEANT4},
  journal={Nuclear Instruments and Methods in Physics Research},
  volume         = {\textbf{A 506}},
  year           = {2003},
  pages          = {250-303},
  doi            = {10.1016/S0168-9002(03)01368-8},
 }


 @article {Micromegas_2,
  author={S. {Andriamonje} et al.	},
  title={},
  journal={JINST 5},
  year={2010},
  volume={ },
  pages={P02001},	
}

@article{GARFIELD,
title = {{GARFIELD}: computer code},
author = {R.{Veenhof}},
url = {http://garfield.web.cern.ch/garfield},
year =  {1998},
}


@article{GMSH,
title = {Gmsh: a three-dimensional finite element mesh generator with built-in pre- and post-processing facilities},
author = {C. {Geuzaine} and J.-F. {Remacle}},
journal = {International Journal for Numerical Methods in Engineering},
year = {2009},
volume = {\textbf{79},
pages = }1309-1331,
url = {http://gmsh.info},
}


@article{Elmer,
title ={Elmer: computer code},
author = {},
journal = {http://www.csc.fi/elmer},
year =  {2005},
url = {http://www.csc.fi/elmer},			 
}



@article{GET,
title = {{GET-AS-002-0009}},
author = {},
journal = {{CENBG CNRS} Technical Manual}},
year =  {2013},
volume = {},
pages = {},		 
}


@article{Notani04,
  author={M. {Notani} et al},
  title={Direct measurement of the astrophysical reaction {$^{14}$O($\alpha$, p)$^{17}$F}},
  journal={Nucl.Phys.},
  year=2004,
  volume={A746},
  pages={113c},
}

@article{Har02,
  author={B. {Harss} et al.},
  title={Widths of Astrophysically Important Resonances in {$^{18}$Ne}},
  journal={Phys.Rev.},
  year=2002,
  volume={C65},
  pages={035803},
}

@article{Blackmon03,
  author={J. C. {Blackmon} et al}},
  title={The {$^{14}$O($\alpha$, p)$^{17}$F} Reaction Rate},
  journal={Nucl.Phys.},
  year=2003,
  volume={A718},
  pages={127c},
}


@article{Bra99,
  author={W. {Bradfield-Smith} et al},
  title={{Breakout from the Hot CNO Cycle via the $^{18}$Ne($\alpha$, p)$^{21}$Na Reaction}},
  journal={Phys.Rev.},
  year=1999,
  volume={C59},
  pages={3402},
}


@article{Gro02,
  author={D. {Groombridge} et al},
  title={{Breakout from the hot CNO cycle via the $^{18}$Na($\alpha$, $\pi$)$^{21}$Na reaction. II. Extended energy range E$_{c.m.}$ $\sim$ 1.7-2.9 MeV}},
  journal={Phys.Rev. C},
  year=2002,
  volume={66},
  pages={055802},
}



@inproceedings{ORRUBA,
  author={S. D. {Pain} et al},
  title={{Development of ORRUBA: A Silicon Array for the Measurement of Transfer Reactions in Inverse Kinematics}},
  booktitle={Proc.4th.Intern.Conf.Fission and Properties of Neutron-Rich Nuclei},
  year=2008,
}






@article{Bir86,
title = {{Charge Division Using Carbon Filaments for Obtaining Coordinate Information from Detection of Single Electrons }},
journal = {IEEE Transactions on Nuclear Science},
volume = {33},
number = {1},
pages = {261 - 266},
year = {1986},
note = {},
issn = {0018-9499},
doi = {10.1109/TNS.1986.4337096},
url = {http://ieeexplore.ieee.org/xpl/articleDetails.jsp?arnumber=4337096},
author = {F. Bird et al},
}




@article{GARFIELD,
title = {{GARFIELD}: computer code},
author = {Veenhof, Rob},
journal = {{http://garfield.web.cern.ch/garfield}},
year =  {1998},
}

@article{MAGBOLTZ,
title = {{MAGBOLTZ}: computer code, V.11.4},
author = Biagi, Steven},
journal = {{http://magboltz.web.cern.ch/magboltz/}},
year =  {2018},
}


@article{Sharpak,
author = {G.{Charpak}, and F. {Sauli}},
title = {High-Resolution Electronic Particle Detectors},
journal = {Annual Review of Nuclear and Particle Science},
volume = {34},
number = {1},
pages = {285-350},
year = {1984},
doi = {10.1146/annurev.ns.34.120184.001441},

URL = { http://dx.doi.org/10.1146/annurev.ns.34.120184.001441},
eprint = { http://dx.doi.org/10.1146/annurev.ns.34.120184.001441},
}



@article{HiRA,
title = {{The high resolution array (HiRA) for rare isotope beam experiments }},
journal = {Nuclear Instruments and Methods in Physics Research},
volume = {\textbf{A583}},
number = {2–3},
pages = {302 - 312},
year = {2007},
issn = {0168-9002},
doi = {http://dx.doi.org/10.1016/j.nima.2007.08.248},
url = {http://www.sciencedirect.com/science/article/pii/S016890020701947X},
author = {M.S. Wallace et al},
}




@book{Kno00,
  title={Radiation detection and measurement},
  author={Knoll, Glenn F},
  year={2010},
  publisher={John Wiley \& Sons},
}




@article{Hooker_PhD,
  author={Hooker, Joshua},
  title={The Study of the Structure of 10N and 9C with Active Targets Time Projection Chambers},
  journal={ {http://tamu.edu/:  Electronic Theses, Treatises and Dissertations }},
  year=2013,
  }







@article{FreerPRL,
  author={M. {Freer} et al},
  title={{$\alpha$:2n:$\alpha$ Molecular Band in $^{10}$Be}},
  journal={Phys.Rev.Lett.},
  year=2006,
  volume={96},
  pages={042501},
}



@article{SuzukiPRC,
  author={D. {Suzuki} et al},
  title={{Resonant $\alpha$ scattering of $^{6}$He: Limits of clustering in $^{10}$Be}},
  journal={Phys.Rev. C},
  year=2013,
  volume={87},
  pages={054301},
}



@article{ROGER2018_ACTAR,
title = {Demonstrator Detection System for the Active Target and Time Projection Chamber (ACTAR TPC) project},
journal = {Nuclear Instruments and Methods in Physics Research Section A: Accelerators, Spectrometers, Detectors and Associated Equipment},
volume = {895},
pages = {126 - 134},
year = {2018},
issn = {0168-9002},
doi = {https://doi.org/10.1016/j.nima.2018.04.003},
url = {http://www.sciencedirect.com/science/article/pii/S0168900218304777},
author = {T. Roger et al},
}





@article{MARS,
author={R.E.~{Tribble} and  R.H.~{Burch} and C. A.~{Gagliardi}},
title={{MARS: A Momentum  Achromat Recoil Separator}},
journal={Nuclear Instruments and Methods in Physics Research},
volume = {\textbf {A285}},
pages = {441-446},
year = {1989},
}



@article{SiDetDubna,
author={I.M.~{Gazizov} and  I.V.~{Nikonorov} and A.A.~{Smirnov}},
title={Silicon four-segment charged particle detectors},
journal={{EXON2018}, Book of {A}bstracts},
volume = {},
pages = {113},
year = {2018},
}


@article{Micron,
author={},
title={Micron {S}emiconductor {UK}, 2018 Catalog},
journal={http://www.micronsemiconductor.co.uk},
volume = {},
pages = {},
year = {2018},
}



@article{Pollacco,
title = "GET: A generic electronics system for {TPC}s and nuclear physics instrumentation",
journal = "Nuclear Instruments and Methods in Physics Research",
volume = {\textbf {A887}},
pages = "81 - 93",
year = "2018",
issn = "0168-9002",
doi = "https://doi.org/10.1016/j.nima.2018.01.020",
url = "http://www.sciencedirect.com/science/article/pii/S0168900218300342",
author = "E.C. Pollacco et al",
}


@article{JHooker,
author={J.~{Hooker} et al.},
title={Structure of $^{9}${C} through proton resonance scattering with {T}exas {A}ctive {T}arget detector},
journal={ar{X}iv.org/abs/1903.01402},
volume = {},
pages = {8 pp},
year = {2019},
}

@article{Duda:1972,
 author = {Duda, Richard O. and Hart, Peter E.},
 title = {Use of the Hough Transformation to Detect Lines and Curves in Pictures},
 journal = {Commun. ACM},
 issue_date = {Jan. 1972},
 volume = {15},
 number = {1},
 month = jan,
 year = {1972},
 issn = {0001-0782},
 pages = {11--15},
 numpages = {5},
 url = {http://doi.acm.org/10.1145/361237.361242},
 doi = {10.1145/361237.361242},
 acmid = {361242},
 publisher = {ACM},
 address = {New York, NY, USA},
 keywords = {Hough transformation, colinear points, curve detection, line detection, pattern recognition, picture processing, point-line transformation},
} 
